

@string{VLDB="Proceedings of the International Conference on Very Large Data Bases, VLDB"}
@string{SIGMOD="Proceedings of the ACM International Conference on Management of Data, SIGMOD"}
@string{PODS="Proceedings of the ACM Symposium on Principles of Database Systems, PODS"}
@string{ICDE="Proceedings of the International Conference on Data Engineering, ICDE"}
@string{EDBT="Proceedings of the International Conference on Extending Database Technology, EDBT"}
@string{CIDR="Proceedings of the International Conference on Innovative Data Systems Research, CIDR"}
@string{TODS="ACM Transactions on Database Systems, TODS"}
@string{TKDE="IEEE Transactions on Knowledge and Data Engineering, TKDE"}
@string{SSD="Proceedings of the International Symposium on Advances in Spatial Databases, SSD"}
@string{SSTD="Proceedings of the International Symposium on Advances in Spatial and Temporal Databases, SSTD"}
@string{CIKM="Proceedings of the International Conference on Information and Knowledge Managemen, CIKM"}
@string{GIS="Proceedings of the ACM Symposium on Advances in Geographic Information Systems, ACM GIS"}
@string{GIS2="Proceedings of the ACM SIGSPATIAL International Conference on Advances in Geographic Information Systems, ACM SIGSPATIAL GIS"} % starting from 2009
@string{SSDBM="Proceedings of the International Conference on Scientific and Statistical Database Management, SSDBM"}
@string{DEBull="IEEE Data Engineering Bulletin, DEBull"}
@string{IDEAS="Proceedings of the International Database Engineering and Applications Symposium, IDEAS"}
@string{MDM="Proceedings of the International Conference on Mobile Data Management, MDM"}
@string{DASFAA="Proceedings of the International Conference on Database Systems for Advanced Applications, DASFAA"}
@string{CHI="Proceedings of the International Conference on Human Factors in Computing Systems, CHI"}
@string{DEXA="Proceedings of the International Conference on Database and Expert Systems Applications, DEXA"}
@string{UbiComp="Proceedings of the International Conference on Ubiquitous Computing, UbiComp"}
@string{PVLDB="Proceedings of the VLDB Endowment, PVLDB"}
@string{ITS="Proceedings of teh World Congress and Exhibition on Intelligent Transport Systems and Services, ITS"}
@string{KES="Proceedings of the International Conference on Knowledge-Based and Intelligent Information and Engineering Systems, KES"}
@string{SAE="Proceedings of the Society of Automotive Engineers World Congress, SAE"}
@string{MONET="Mobile Networks and Applications, MONET"}
@string{ADBIS="Advances in Databases and Information Systems Lecture Notes in Computer Science, ADBIS"}
@string{STDBM="Proceedings of the workshop on Spatio-Temporal Database Management, STDBM"}
@string{GeoInformatica="International Journal on Advances of Computer Science for Geographic Information Systems, GeoInformatica"}
@string{KDD="Proceedings of the ACM SIGKDD International Conference on Knowledge Discovery and Data Mining, KDD"}
@string{ICPS="Proceedings of the ACM International Conference on Pervasive Services, ICPS"}
@string{MobiDE="Proceedings of the ACM international workshop on Data engineering for wireless and mobile access, MobiDE"}
@string{MobiSys="Proceedings of the international conference on Mobile systems, applications and services, MobiSys"}
@string{MobiGIS="Proceeding of the ACM SIGSPATIAL GIS International Workshop on Mobile Geographic Information Systems, MobiGIS"}
@string{BigSpatial="Proceeding of the ACM SIGSPATIAL International Workshop on Analytics for Big Geospatial Data, BigSpatial"}
@string{WWW="Proceedings of the International conference on World Wild Web, WWW"}

@string{SIGMOD="SIGMOD"}
@string{VLDB="VLDB"}
@string{ICDE="ICDE"}
@string{PODS="PODS"}
@string{EDBT="EDBT"}
@string{DEBull="IEEE Data Engineering Bulletin"}
@string{SSDBM="SSDBM"}
@string{CIKM="CIKM"}
@string{TKDE="TKDE"}
@string{TODS="TODS"}
@string{SSTD="SSTD"}
@string{SSD="SSD"}
@string{GIS="GIS"}
@string{GIS2="ACM SIGSPATIAL GIS"} % starting from 2009
@string{IDEAS="IDEAS"}
@string{CIDR="CIDR"}
@string{MDM="MDM"}
@string{DASFAA="DASFAA"}
@string{CHI="CHI"}
@string{DEXA="DEXA"}
@string{UbiComp="UbiComp"}
@string{PVLDB="PVLDB"}
@string{ITS="ITS"}
@string{KES="KES"}
@string{SAE="SAE"}
@string{MONET="MONET"}
@string{ADBIS="ADBIS"}
@string{STDBM="STDBM"}
@string{GeoInformatica="GeoInformatica"}
@string{KDD="KDD"}
@string{ICPS="ICPS"}
@string{MobiDE="MobiDE"}
@string{MobiSys="MobiSys"}
@string{MobiGIS="MobiGIS"}
@string{BigSpatial="BigSpatial"}
@string{WWW="WWW"}




%%%%%%%%%%%%%%%%%%%%%%%%%%%%%%%%%%
@inproceedings{BCC+14,
  author    = {Yang Bin and Guo Chenjuan and Jensen Christian S and Kaul Manohar and Shang Shuo},
  title     = {{Multi-Cost Optimal Route Planning Under Time-Varying Uncertainty}},
  booktitle = ICDE,
  address	= {IL, USA},
  month		= mar,
  year      = {2014}
}


@misc{ASW14,
  author    = {AllWebsiteStats},
  title     = {{Statisitcs For Websites Usage}},
  month     = jun,
  year      = {2014},
  howpublished={\url{http://allwebsitestats.com/}}
}  % you need to add \usepackage{url} to the main file


@article{BJK+06,
  author    = {Rimantas Benetis and Christian S. Jensen and Gytis Karciauskas and Simonas Saltenis},
  title     = {{Nearest and Reverse Nearest Neighbor Queries for Moving Objects}},
  journal   = {VLDB Journal},
  volume    = 15,
  number    = 3,
  year      = {2006},
  pages     = {229-249}
 }


@book{HEL01,
  author    = {Cormen Thomas H and Leiserson Charles E and Rivest Ronald L and Stein Clifford and others},
  title     = {Introduction to algorithms},
  publisher={MIT press Cambridge},
  volume    = {2},
  year      = {2001}
}

@inproceedings{eldawy2013cg_hadoop,
  title={CG\_Hadoop: computational geometry in MapReduce},
  author={Eldawy, Ahmed and Li, Yuan and Mokbel, Mohamed F and Janardan, Ravi},
  booktitle={Proceedings of the 21st ACM SIGSPATIAL International Conference on Advances in Geographic Information Systems},
  pages={294--303},
  year={2013},
  organization={ACM}
}

@inproceedings{tan2012clost,
  title={Clost: a hadoop-based storage system for big spatio-temporal data analytics},
  author={Tan, Haoyu and Luo, Wuman and Ni, Lionel M},
  booktitle={Proceedings of the 21st ACM international conference on Information and knowledge management},
  pages={2139--2143},
  year={2012},
  organization={ACM}
}
@article{yu2015geospark,
  title={GeoSpark: A Cluster Computing Framework for Processing Large-Scale Spatial Data},
  author={Yu, Jia and Wu, Jinxuan and Sarwat, Mohamed},
  year={2015}
}
@inproceedings{klein2015pairs,
  title={PAIRS: A scalable geo-spatial data analytics platform},
  author={Klein, Levente J and Marianno, Fernando J and Albrecht, Conrad M and Freitag, Marcus and Lu, Siyuan and Hinds, Nigel and Shao, Xiaoyan and Bermudez Rodriguez, Sergio and Hamann, Hendrik F},
  booktitle={Big Data (Big Data), 2015 IEEE International Conference on},
  pages={1290--1298},
  year={2015},
  organization={IEEE}
}

@article{evans2014enabling,
  title={Enabling Spatial Big Data via CyberGIS: Challenges and Opportunities},
  author={Evans, Michael R and Oliver, Dev and Yang, KwangSoo and Zhou, Xun and Shekhar, Shashi},
  journal={a book chapter in CyberGIS: Fostering a New Wave of Geospatial Innovation and Discovery (Ed. S. Wang and M. Goodchild)},
  year={2014}
}
@article{aji2013hadoop,
  title={Hadoop GIS: a high performance spatial data warehousing system over mapreduce},
  author={Aji, Ablimit and Wang, Fusheng and Vo, Hoang and Lee, Rubao and Liu, Qiaoling and Zhang, Xiaodong and Saltz, Joel},
  journal={Proceedings of the VLDB Endowment},
  volume={6},
  number={11},
  pages={1009--1020},
  year={2013},
  publisher={VLDB Endowment}
}
@inproceedings{eldawy2014pigeon,
  title={Pigeon: A spatial MapReduce language},
  author={Eldawy, Ahmed and Mokbel, Mohamed F},
  booktitle={Data Engineering (ICDE), 2014 IEEE 30th International Conference on},
  pages={1242--1245},
  year={2014},
  organization={IEEE}
}

@inproceedings{zhang2009spatial,
  title={Spatial queries evaluation with mapreduce},
  author={Zhang, Shubin and Han, Jizhong and Liu, Zhiyong and Wang, Kai and Feng, Shengzhong},
  booktitle={Grid and Cooperative Computing, 2009. GCC'09. Eighth International Conference on},
  pages={287--292},
  year={2009},
  organization={IEEE}
}

@inproceedings{eldawy2015spatialhadoop,
  title={SpatialHadoop: A MapReduce framework for spatial data},
  author={Eldawy, Ahmed and Mokbel, Mohamed F},
  booktitle={Data Engineering (ICDE), 2015 IEEE 31st International Conference on},
  pages={1352--1363},
  year={2015},
  organization={IEEE}
}

@inproceedings{liu2009implementing,
  title={Implementing WebGIS on Hadoop: A case study of improving small file I/O performance on HDFS},
  author={Liu, Xuhui and Han, Jizhong and Zhong, Yunqin and Han, Chengde and He, Xubin},
  booktitle={Cluster Computing and Workshops, 2009. CLUSTER'09. IEEE International Conference on},
  pages={1--8},
  year={2009},
  organization={IEEE}
}

@article{zheng2013research,
  title={Research on Vector Spatial Data Storage Schema Based on Hadoop Platform},
  author={Zheng, Kun and Fu, Yanli},
  journal={International Journal of Database Theory and Application},
  volume={6},
  number={5},
  pages={85--94},
  year={2013}
}

@inproceedings{6,
  title={SksOpen: Efficient indexing, querying, and visualization of geo-spatial big data},
  author={Lu, Yun and Zhang, Mingjin and Witherspoon, Shonda and Yesha, Yelena and Rishe, Naphtali},
  booktitle={Machine Learning and Applications (ICMLA), 2013 12th International Conference on},
  volume={2},
  pages={495--500},
  year={2013},
  organization={IEEE}
}
@inproceedings{alarabi2014tareeg,
  title={TAREEG: a MapReduce-based system for extracting spatial data from OpenStreetMap},
  author={Alarabi, Louai and Eldawy, Ahmed and Alghamdi, Rami and Mokbel, Mohamed F},
  booktitle={Proceedings of the 22nd ACM SIGSPATIAL International Conference on Advances in Geographic Information Systems},
  pages={83--92},
  year={2014},
  organization={ACM}
}

@article{dean2008mapreduce,
  title={MapReduce: simplified data processing on large clusters},
  author={Dean, Jeffrey and Ghemawat, Sanjay},
  journal={Communications of the ACM},
  volume={51},
  number={1},
  pages={107--113},
  year={2008},
  publisher={ACM}
}

@article{eldawy2013demonstration,
  title={A demonstration of spatialhadoop: an efficient mapreduce framework for spatial data},
  author={Eldawy, Ahmed and Mokbel, Mohamed F},
  journal={Proceedings of the VLDB Endowment},
  volume={6},
  number={12},
  pages={1230--1233},
  year={2013},
  publisher={VLDB Endowment}
}

@article{taylor2010overview,
  title={An overview of the Hadoop/MapReduce/HBase framework and its current applications in bioinformatics},
  author={Taylor, Ronald C},
  journal={BMC bioinformatics},
  volume={11},
  number={Suppl 12},
  pages={S1},
  year={2010},
  publisher={BioMed Central Ltd}
}


@article{dittrich2012efficient,
  title={Efficient big data processing in Hadoop MapReduce},
  author={Dittrich, Jens and Quian{\'e}-Ruiz, Jorge-Arnulfo},
  journal={Proceedings of the VLDB Endowment},
  volume={5},
  number={12},
  pages={2014--2015},
  year={2012},
  publisher={VLDB Endowment}
}

@inproceedings{akdogan2010voronoi,
  title={Voronoi-based geospatial query processing with mapreduce},
  author={Akdogan, Afsin and Demiryurek, Ugur and Banaei-Kashani, Farnoush and Shahabi, Cyrus},
  booktitle={Cloud Computing Technology and Science (CloudCom), 2010 IEEE Second International Conference on},
  pages={9--16},
  year={2010},
  organization={IEEE}
}

@inproceedings{lee2014efficient,
  title={Efficient spatial query processing for big data},
  author={Lee, Kisung and Ganti, Raghu K and Srivatsa, Mudhakar and Liu, Ling},
  booktitle={Proceedings of the 22nd ACM SIGSPATIAL International Conference on Advances in Geographic Information Systems},
  pages={469--472},
  year={2014},
  organization={ACM}
}

@inproceedings{lu2013sksopen,
  title={SksOpen: Efficient indexing, querying, and visualization of geo-spatial big data},
  author={Lu, Yun and Zhang, Mingjin and Witherspoon, Shonda and Yesha, Yelena and Rishe, Naphtali},
  booktitle={Machine Learning and Applications (ICMLA), 2013 12th International Conference on},
  volume={2},
  pages={495--500},
  year={2013},
  organization={IEEE}
}

@inproceedings{alarabi2014tareeg,
  title={TAREEG: a MapReduce-based system for extracting spatial data from OpenStreetMap},
  author={Alarabi, Louai and Eldawy, Ahmed and Alghamdi, Rami and Mokbel, Mohamed F},
  booktitle={Proceedings of the 22nd ACM SIGSPATIAL International Conference on Advances in Geographic Information Systems},
  pages={83--92},
  year={2014},
  organization={ACM}
}

@article{eldawy2013demonstration,
  title={A demonstration of spatialhadoop: an efficient mapreduce framework for spatial data},
  author={Eldawy, Ahmed and Mokbel, Mohamed F},
  journal={Proceedings of the VLDB Endowment},
  volume={6},
  number={12},
  pages={1230--1233},
  year={2013},
  publisher={VLDB Endowment}
}


@article{zhang2015large,
  title={Large-scale spatial data processing on GPUs and GPU-accelerated clusters},
  author={Zhang, Jianting and You, Simin and Gruenwald, Le},
  journal={SIGSPATIAL Special},
  volume={6},
  number={3},
  pages={27--34},
  year={2015},
  publisher={ACM}
}